
@book{lupton_quantified_2016,
	address = {Malden, MA},
	title = {The quantified self : a sociology of self-tracking},
	isbn = {978-1-5095-0060-4},
	shorttitle = {The quantified self},
	publisher = {Polity},
	author = {Lupton, Deborah},
	year = {2016},
	keywords = {Digitala medier-- sociala aspekter, Reflexion (filosofi)},
	annote = {Acknowledgements -- Introduction -- "Know thyself" : self-tracking technologies and practices -- "New hybrid beings" : theoretical perspectives -- "An optimal human being" : the body and self in self-tracking cultures -- "You are your data" : personal data meanings, practices and materialisations -- "Data's capacity for betrayal" : personal data politics -- Final reflections -- References -- Index.},
}

@book{bornemark_det_2018,
	address = {Stockholm},
	title = {Det omätbaras renässans: en uppgörelse med pedanternas världsherravälde},
	shorttitle = {Det omätbaras renässans},
	language = {Swedish},
	publisher = {Volante},
	author = {Bornemark, Jonna},
	year = {2018},
}

@book{mcluhan_understanding_2015,
	address = {Berkeley, Calif.},
	title = {Understanding media: the extensions of man},
	isbn = {978-1-58423-073-1},
	shorttitle = {Understanding media},
	abstract = {A reissue of McLuhan's expose from 1964 on the state of the then emerging phenomenon of mass media},
	language = {English},
	publisher = {Gingko Press},
	author = {McLuhan, Marshall and Gordon, W. Terrence},
	year = {2015},
	note = {OCLC: 1031984262},
}

@book{noauthor_sonification_2011,
	address = {Berlin},
	title = {The sonification handbook},
	isbn = {978-3-8325-2819-5},
	language = {English},
	publisher = {Logos},
	year = {2011},
	note = {OCLC: 805139776},
}

@book{vernallis_oxford_2015,
	address = {Oxford},
	title = {The {Oxford} handbook of sound and image in digital media},
	isbn = {978-0-19-025817-7 978-0-19-975764-0},
	language = {English},
	publisher = {Oxford University Press},
	author = {Vernallis, Carol and Herzog, Amy and Richardson, John},
	year = {2015},
	note = {OCLC: 974933138},
}

@book{bijsterveld_sonic_2019,
	title = {Sonic {Skills}: {Listening} for {Knowledge} in {Science}, {Medicine} and {Engineering} (1920s-{Present})},
	isbn = {978-1-137-59831-8},
	shorttitle = {Sonic {Skills}},
	url = {https://www.palgrave.com/gp/book/9781137598318},
	abstract = {It is common for us today to associate the practice of science primarily with the act of seeing—with staring at computer screens, analyzing graphs, and presenting images. We may notice that physicians use stethoscopes to listen for disease, that biologists tune into sound recordings to understand birds, or that engineers have created Geiger tellers warning us for radiation through sound. But in the sciences overall, we think, seeing is believing. This open access book explains why, indeed, listening for knowledge plays an ambiguous, if fascinating, role in the sciences. For what purposes have scientists, engineers and physicians listened to the objects of their interest? How did they listen exactly? And why has listening often been contested as a legitimate form of access to scientific knowledge? This concise monograph combines historical and ethnographic evidence about the practices of listening on shop floors, in laboratories, field stations, hospitals, and conference halls, between the 1920s and today. It shows how scientists have used sonic skills—skills required for making, recording, storing, retrieving, and listening to sound—in ensembles: sets of instruments and techniques for particular situations of knowledge making. Yet rather than pleading for the emancipation of hearing at the expense of seeing, this essay investigates when, how, and under which conditions the ear has contributed to science dynamics, either in tandem with or without the eye.},
	language = {en},
	urldate = {2020-09-29},
	publisher = {Palgrave Macmillan UK},
	author = {Bijsterveld, Karin},
	year = {2019},
	doi = {10.1057/978-1-137-59829-5},
	file = {Snapshot:/Users/kj/Zotero/storage/GI6PKYK9/9781137598318.html:text/html;Full Text:/Users/kj/Zotero/storage/TICT8AIB/Bijsterveld - 2019 - Sonic Skills Listening for Knowledge in Science, .pdf:application/pdf},
}

@book{stjerna_before_2018,
	address = {Göteborg},
	title = {Before sound : transversal processes in site-specific sonic practice},
	isbn = {978-91-7833-213-7},
	shorttitle = {Before sound},
	publisher = {Göteborgs universitet},
	author = {Stjerna, Åsa},
	year = {2018},
	keywords = {Ljudkonst, Platsspecifik konst},
	annote = {Diss. Göteborg : Göteborgs universitet, 2018},
}

@book{granstrom_alltings_2008,
	address = {Stockholm},
	title = {Alltings mått},
	isbn = {978-91-85191-35-2},
	publisher = {Ruin},
	author = {Granström, Helena},
	year = {2008},
	keywords = {Människans väsen, Pornografi},
}

@misc{r_a_d_i_o_q_u_a_l_i_a_free_2002,
	title = {Free {Radio} {Linux}},
	url = {http://netartcommons.walkerart.org/articleb524.html?sid=02/04/10/0548240},
	author = {r a d i o q u a l i a},
	month = feb,
	year = {2002},
}

@article{arvidson_det_2016,
	title = {Det autoimmuna jaget – om att sätta gränser},
	volume = {93},
	copyright = {Författare som medverkar i Socialmedicinsk tidskrift accepterar att deras verk publiceras under licensen  Creative Commons Attribution-NonCommercial 3.0 Unported . Denna licens tillåter att en tredje person delar ut författarens arbete (kopierar, distribuerar och sänder verket) och skapar bearbetningar av det under förutsättning att: författaren/na och/eller licensgivaren anges på ett korrekt sätt, verket inte används i kommersiellt syfte samt om verket återanvänds eller distribueras måste information tydligt anges om upphovsrättsvillkoren som gäller för verket.  Författare behåller upphovsrätt för deras arbete men garanterar samtidigt publiceringsrättigheter för första publicering och all publicering via Internet till Socialmedicinsk tidskrift. Vidare kräver Socialmedicinsk tidskrift att författaren överför samtliga upphovsrättigheter för kommersiell användning av verket till utgivaren (Socialmedicinsk tidskrift). Inkomster från kommersiell försäljning används för att kunna fortsätta att publicera smt både i tryckt format och online utan publiceringsavgifter.},
	issn = {0037-833X},
	url = {https://socialmedicinsktidskrift.se/smt/index.php/smt/article/view/1463},
	abstract = {Att leva med en autoimmun sjukdom som typ 1-diabetes innebär att man tvingas till ställningstaganden som en frisk individ sällan eller aldrig behöver ta i beaktande. Dessa ställningstaganden kan utifrån sett tyckas vara obetydliga men är för diabetikern livsviktiga. Denna artikel är skriven utifrån ett första-personsperspektiv och lyfter fram aspekter som blir en del i en slags överlevnadsstrategi för vardagen och som relateras till samtidens alltmer accelererande livstempo där prestation sätts i fokus. Istället vill jag betona pausens betydelse för överlevnad eftersom denna bildar själva överlevnadsstrategins ramverk.},
	language = {sv},
	number = {3},
	urldate = {2021-02-16},
	journal = {Socialmedicinsk tidskrift},
	author = {Arvidson, Mats},
	month = jul,
	year = {2016},
	note = {Number: 3},
	keywords = {autoimmun sjukdom, diabetes typ-1, jaget, överlevnadsstrategi, paus, prestation, social acceleration},
	pages = {280--287},
	file = {Full Text PDF:/Users/kj/Zotero/storage/PWRSC8G2/Arvidson - 2016 - Det autoimmuna jaget – om att sätta gränser.pdf:application/pdf;Snapshot:/Users/kj/Zotero/storage/XNRNXWN8/1463.html:text/html},
}
